<record><leader>00000cas a2200000 a 4500</leader><controlfield tag="001">36919534</controlfield><controlfield tag="008">970516d193u19uuorusr ne      0    0eng c</controlfield><datafield ind1=" " ind2=" " tag="010"><subfield code="a">sn 96088362 </subfield></datafield><datafield ind1=" " ind2=" " tag="040"><subfield code="a">OCN</subfield><subfield code="b">eng</subfield><subfield code="c">OCN</subfield><subfield code="d">OCLCQ</subfield><subfield code="d">ORU</subfield><subfield code="d">OCLCQ</subfield><subfield code="d">OCLCO</subfield></datafield><datafield ind1=" " ind2=" " tag="042"><subfield code="a">pcc</subfield></datafield><datafield ind1=" " ind2=" " tag="043"><subfield code="a">n-us-or</subfield></datafield><datafield ind1="0" ind2=" " tag="130"><subfield code="a">Cooperative news (Freewater, Or.)</subfield></datafield><datafield ind1="1" ind2="0" tag="245"><subfield code="a">Cooperative news.</subfield></datafield><datafield ind1=" " ind2=" " tag="260"><subfield code="a">Freewater, Or. :</subfield><subfield code="b">New Era Pub. Co.</subfield></datafield><datafield ind1=" " ind2=" " tag="300"><subfield code="a">v.</subfield></datafield><datafield ind1=" " ind2=" " tag="310"><subfield code="a">Semimonthly</subfield></datafield><datafield ind1=" " ind2=" " tag="530"><subfield code="a">Also issued on microfilm from University of Oregon.</subfield></datafield><datafield ind1=" " ind2=" " tag="588"><subfield code="a">Description based on: Vol. 3, no. 14 (Feb. 21, 1939).</subfield></datafield><datafield ind1=" " ind2=" " tag="588"><subfield code="a">Latest issue consulted: Vol. 5, no. 11 (Dec. 17, 1940).</subfield></datafield><datafield ind1=" " ind2="0" tag="650"><subfield code="a">Consumer cooperatives</subfield><subfield code="z">Oregon</subfield><subfield code="v">Newspapers.</subfield></datafield><datafield ind1=" " ind2="0" tag="650"><subfield code="a">Consumer cooperatives</subfield><subfield code="z">Washington</subfield><subfield code="v">Newspapers.</subfield></datafield><datafield ind1=" " ind2="0" tag="651"><subfield code="a">Milton-Freewater (Or.)</subfield><subfield code="v">Newspapers.</subfield></datafield><datafield ind1=" " ind2=" " tag="752"><subfield code="a">United States</subfield><subfield code="b">Oregon</subfield><subfield code="c">Umatilla</subfield><subfield code="d">Milton-Freewater.</subfield></datafield></record>